<?xml version="1.0" encoding="UTF-8"?><collection xmlns="http://www.loc.gov/MARC21/slim"><record><leader>00465nam--2200157-i-4500</leader><controlfield tag="001">000035829</controlfield><controlfield tag="002">20161230</controlfield><controlfield tag="005">20170128001338</controlfield><controlfield tag="008">060222s1000------------r-----000-0-eng-d</controlfield><datafield ind1=" " ind2=" " tag="080"><subfield code="a">530.145(091)</subfield></datafield><datafield ind1=" " ind2=" " tag="100"><subfield code="a">Oppenheimer, Robert J</subfield></datafield><datafield ind1=" " ind2=" " tag="245"><subfield code="a">The development of quantum theory. J.Robert Oppenheimer Memorial Prize acceptance speech</subfield></datafield><datafield ind1=" " ind2=" " tag="260"><subfield code="a">New York</subfield><subfield code="b">Gordon And Breach Science Publ</subfield><subfield code="c">1971</subfield></datafield><datafield ind1=" " ind2=" " tag="300"><subfield code="a">66 p</subfield></datafield><datafield ind1=" " ind2=" " tag="852"><subfield code="a">42451</subfield></datafield><datafield ind1=" " ind2=" " tag="CAT"><subfield code="a">SYS</subfield><subfield code="c">20170128</subfield><subfield code="h">001338</subfield></datafield></record></collection>